%YAML 1.1
%TAG !u! tag:unity3d.com,2011:
--- !u!1001 &100100000
Prefab:
  m_ObjectHideFlags: 1
  serializedVersion: 2
  m_Modification:
    m_TransformParent: {fileID: 0}
    m_Modifications: []
    m_RemovedComponents: []
  m_ParentPrefab: {fileID: 0}
  m_RootGameObject: {fileID: 1935905650468230}
  m_IsPrefabParent: 1
--- !u!1 &1274527073569744
GameObject:
  m_ObjectHideFlags: 1
  m_PrefabParentObject: {fileID: 0}
  m_PrefabInternal: {fileID: 100100000}
  serializedVersion: 5
  m_Component:
  - component: {fileID: 4702036279984882}
  - component: {fileID: 33176446385824292}
  - component: {fileID: 23970676377559092}
  - component: {fileID: 114209315504790106}
  m_Layer: 0
  m_Name: platformerTileset
  m_TagString: Untagged
  m_Icon: {fileID: 0}
  m_NavMeshLayer: 0
  m_StaticEditorFlags: 0
  m_IsActive: 1
--- !u!1 &1476341816170978
GameObject:
  m_ObjectHideFlags: 0
  m_PrefabParentObject: {fileID: 0}
  m_PrefabInternal: {fileID: 100100000}
  serializedVersion: 5
  m_Component:
  - component: {fileID: 4310640956271280}
  - component: {fileID: 212105871680132780}
  m_Layer: 0
  m_Name: LunarStationBackground
  m_TagString: Untagged
  m_Icon: {fileID: 0}
  m_NavMeshLayer: 0
  m_StaticEditorFlags: 0
  m_IsActive: 1
--- !u!1 &1692966422286708
GameObject:
  m_ObjectHideFlags: 0
  m_PrefabParentObject: {fileID: 0}
  m_PrefabInternal: {fileID: 100100000}
  serializedVersion: 5
  m_Component:
  - component: {fileID: 4513936900644858}
  - component: {fileID: 114836293824316384}
  m_Layer: 0
  m_Name: Collision
  m_TagString: Untagged
  m_Icon: {fileID: 0}
  m_NavMeshLayer: 0
  m_StaticEditorFlags: 0
  m_IsActive: 1
--- !u!1 &1764728529789726
GameObject:
  m_ObjectHideFlags: 1
  m_PrefabParentObject: {fileID: 0}
  m_PrefabInternal: {fileID: 100100000}
  serializedVersion: 5
  m_Component:
  - component: {fileID: 4076652687888118}
  - component: {fileID: 60453625417937624}
  m_Layer: 0
  m_Name: Collision
  m_TagString: Wall
  m_Icon: {fileID: 0}
  m_NavMeshLayer: 0
  m_StaticEditorFlags: 0
  m_IsActive: 1
--- !u!1 &1775367482927284
GameObject:
  m_ObjectHideFlags: 1
  m_PrefabParentObject: {fileID: 0}
  m_PrefabInternal: {fileID: 100100000}
  serializedVersion: 5
  m_Component:
  - component: {fileID: 4882378832798400}
  - component: {fileID: 33065859313861918}
  - component: {fileID: 23154139707708044}
  - component: {fileID: 114408819635930098}
  m_Layer: 0
  m_Name: platformerTileset
  m_TagString: Untagged
  m_Icon: {fileID: 0}
  m_NavMeshLayer: 0
  m_StaticEditorFlags: 0
  m_IsActive: 1
--- !u!1 &1935905650468230
GameObject:
  m_ObjectHideFlags: 0
  m_PrefabParentObject: {fileID: 0}
  m_PrefabInternal: {fileID: 100100000}
  serializedVersion: 5
  m_Component:
  - component: {fileID: 4273608725934816}
  - component: {fileID: 114284823035138096}
  m_Layer: 0
  m_Name: LunarStation
  m_TagString: Untagged
  m_Icon: {fileID: 0}
  m_NavMeshLayer: 0
  m_StaticEditorFlags: 0
  m_IsActive: 1
--- !u!1 &1988917839824836
GameObject:
  m_ObjectHideFlags: 0
  m_PrefabParentObject: {fileID: 0}
  m_PrefabInternal: {fileID: 100100000}
  serializedVersion: 5
  m_Component:
  - component: {fileID: 4178879846871266}
  - component: {fileID: 114333850552513214}
  m_Layer: 0
  m_Name: GameView
  m_TagString: Untagged
  m_Icon: {fileID: 0}
  m_NavMeshLayer: 0
  m_StaticEditorFlags: 0
  m_IsActive: 1
--- !u!4 &4076652687888118
Transform:
  m_ObjectHideFlags: 1
  m_PrefabParentObject: {fileID: 0}
  m_PrefabInternal: {fileID: 100100000}
  m_GameObject: {fileID: 1764728529789726}
  m_LocalRotation: {x: -0, y: -0, z: -0, w: 1}
  m_LocalPosition: {x: 0, y: 0, z: 0}
  m_LocalScale: {x: 1, y: 1, z: 1}
  m_Children: []
  m_Father: {fileID: 4513936900644858}
  m_RootOrder: 1
  m_LocalEulerAnglesHint: {x: 0, y: 0, z: 0}
--- !u!4 &4178879846871266
Transform:
  m_ObjectHideFlags: 1
  m_PrefabParentObject: {fileID: 0}
  m_PrefabInternal: {fileID: 100100000}
  m_GameObject: {fileID: 1988917839824836}
  m_LocalRotation: {x: -0, y: -0, z: -0, w: 1}
  m_LocalPosition: {x: 0, y: 0, z: 0}
  m_LocalScale: {x: 1, y: 1, z: 1}
  m_Children:
  - {fileID: 4702036279984882}
  m_Father: {fileID: 4273608725934816}
  m_RootOrder: 2
  m_LocalEulerAnglesHint: {x: 0, y: 0, z: 0}
--- !u!4 &4273608725934816
Transform:
  m_ObjectHideFlags: 1
  m_PrefabParentObject: {fileID: 0}
  m_PrefabInternal: {fileID: 100100000}
  m_GameObject: {fileID: 1935905650468230}
  m_LocalRotation: {x: -0, y: -0, z: -0, w: 1}
  m_LocalPosition: {x: -7.7, y: 6.45, z: -0.046875}
  m_LocalScale: {x: 0.48, y: 0.48, z: 1}
  m_Children:
  - {fileID: 4310640956271280}
  - {fileID: 4513936900644858}
  - {fileID: 4178879846871266}
  m_Father: {fileID: 0}
  m_RootOrder: 0
  m_LocalEulerAnglesHint: {x: 0, y: 0, z: 0}
--- !u!4 &4310640956271280
Transform:
  m_ObjectHideFlags: 1
  m_PrefabParentObject: {fileID: 0}
  m_PrefabInternal: {fileID: 100100000}
  m_GameObject: {fileID: 1476341816170978}
  m_LocalRotation: {x: -0, y: -0, z: -0, w: 1}
  m_LocalPosition: {x: 28.41, y: -16.05, z: 0}
  m_LocalScale: {x: 5.7, y: 5.3, z: 1}
  m_Children: []
  m_Father: {fileID: 4273608725934816}
  m_RootOrder: 0
  m_LocalEulerAnglesHint: {x: 0, y: 0, z: 0}
--- !u!4 &4513936900644858
Transform:
  m_ObjectHideFlags: 1
  m_PrefabParentObject: {fileID: 0}
  m_PrefabInternal: {fileID: 100100000}
  m_GameObject: {fileID: 1692966422286708}
  m_LocalRotation: {x: -0, y: -0, z: -0, w: 1}
  m_LocalPosition: {x: 0, y: 0, z: 0}
  m_LocalScale: {x: 1, y: 1, z: 1}
  m_Children:
  - {fileID: 4882378832798400}
  - {fileID: 4076652687888118}
  m_Father: {fileID: 4273608725934816}
  m_RootOrder: 1
  m_LocalEulerAnglesHint: {x: 0, y: 0, z: 0}
--- !u!4 &4702036279984882
Transform:
  m_ObjectHideFlags: 1
  m_PrefabParentObject: {fileID: 0}
  m_PrefabInternal: {fileID: 100100000}
  m_GameObject: {fileID: 1274527073569744}
  m_LocalRotation: {x: -0, y: -0, z: -0, w: 1}
  m_LocalPosition: {x: 0, y: 0, z: 0}
  m_LocalScale: {x: 1, y: 1, z: 1}
  m_Children: []
  m_Father: {fileID: 4178879846871266}
  m_RootOrder: 0
  m_LocalEulerAnglesHint: {x: 0, y: 0, z: 0}
--- !u!4 &4882378832798400
Transform:
  m_ObjectHideFlags: 1
  m_PrefabParentObject: {fileID: 0}
  m_PrefabInternal: {fileID: 100100000}
  m_GameObject: {fileID: 1775367482927284}
  m_LocalRotation: {x: -0, y: -0, z: -0, w: 1}
  m_LocalPosition: {x: 0, y: 0, z: 0}
  m_LocalScale: {x: 1, y: 1, z: 1}
  m_Children: []
  m_Father: {fileID: 4513936900644858}
  m_RootOrder: 0
  m_LocalEulerAnglesHint: {x: 0, y: 0, z: 0}
--- !u!23 &23154139707708044
MeshRenderer:
  m_ObjectHideFlags: 1
  m_PrefabParentObject: {fileID: 0}
  m_PrefabInternal: {fileID: 100100000}
  m_GameObject: {fileID: 1775367482927284}
  m_Enabled: 1
  m_CastShadows: 0
  m_ReceiveShadows: 0
  m_DynamicOccludee: 1
  m_MotionVectors: 1
  m_LightProbeUsage: 0
  m_ReflectionProbeUsage: 0
  m_Materials:
  - {fileID: 2100000, guid: c6c2d8d99b27b93449329cbc83976246, type: 2}
  m_StaticBatchInfo:
    firstSubMesh: 0
    subMeshCount: 0
  m_StaticBatchRoot: {fileID: 0}
  m_ProbeAnchor: {fileID: 0}
  m_LightProbeVolumeOverride: {fileID: 0}
  m_ScaleInLightmap: 1
  m_PreserveUVs: 0
  m_IgnoreNormalsForChartDetection: 0
  m_ImportantGI: 0
  m_StitchLightmapSeams: 0
  m_SelectedEditorRenderState: 3
  m_MinimumChartSize: 4
  m_AutoUVMaxDistance: 0.5
  m_AutoUVMaxAngle: 89
  m_LightmapParameters: {fileID: 0}
  m_SortingLayerID: 0
  m_SortingLayer: 0
  m_SortingOrder: 0
--- !u!23 &23970676377559092
MeshRenderer:
  m_ObjectHideFlags: 1
  m_PrefabParentObject: {fileID: 0}
  m_PrefabInternal: {fileID: 100100000}
  m_GameObject: {fileID: 1274527073569744}
  m_Enabled: 1
  m_CastShadows: 0
  m_ReceiveShadows: 0
  m_DynamicOccludee: 1
  m_MotionVectors: 1
  m_LightProbeUsage: 0
  m_ReflectionProbeUsage: 0
  m_Materials:
  - {fileID: 2100000, guid: c6c2d8d99b27b93449329cbc83976246, type: 2}
  m_StaticBatchInfo:
    firstSubMesh: 0
    subMeshCount: 0
  m_StaticBatchRoot: {fileID: 0}
  m_ProbeAnchor: {fileID: 0}
  m_LightProbeVolumeOverride: {fileID: 0}
  m_ScaleInLightmap: 1
  m_PreserveUVs: 0
  m_IgnoreNormalsForChartDetection: 0
  m_ImportantGI: 0
  m_StitchLightmapSeams: 0
  m_SelectedEditorRenderState: 3
  m_MinimumChartSize: 4
  m_AutoUVMaxDistance: 0.5
  m_AutoUVMaxAngle: 89
  m_LightmapParameters: {fileID: 0}
  m_SortingLayerID: -2143258083
  m_SortingLayer: 2
  m_SortingOrder: 1
--- !u!33 &33065859313861918
MeshFilter:
  m_ObjectHideFlags: 1
  m_PrefabParentObject: {fileID: 0}
  m_PrefabInternal: {fileID: 100100000}
  m_GameObject: {fileID: 1775367482927284}
  m_Mesh: {fileID: 4300000, guid: ed595cbbe0b3825418b802cdb00fb2ba, type: 3}
--- !u!33 &33176446385824292
MeshFilter:
  m_ObjectHideFlags: 1
  m_PrefabParentObject: {fileID: 0}
  m_PrefabInternal: {fileID: 100100000}
  m_GameObject: {fileID: 1274527073569744}
  m_Mesh: {fileID: 4300000, guid: d0be24f758e904845b045bedfbd94b79, type: 3}
--- !u!60 &60453625417937624
PolygonCollider2D:
  m_ObjectHideFlags: 1
  m_PrefabParentObject: {fileID: 0}
  m_PrefabInternal: {fileID: 100100000}
  m_GameObject: {fileID: 1764728529789726}
  m_Enabled: 1
  m_Density: 1
  m_Material: {fileID: 0}
  m_IsTrigger: 0
  m_UsedByEffector: 0
  m_UsedByComposite: 0
  m_Offset: {x: 0, y: 0}
  m_SpriteTilingProperty:
    border: {x: 0, y: 0, z: 0, w: 0}
    pivot: {x: 0, y: 0}
    oldSize: {x: 0, y: 0}
    newSize: {x: 0, y: 0}
    adaptiveTilingThreshold: 0
    drawMode: 0
    adaptiveTiling: 0
  m_AutoTiling: 0
  m_Points:
    m_Paths:
    - - {x: 35.9375, y: -4}
      - {x: 35.9375, y: -6}
      - {x: 44, y: -6}
      - {x: 44, y: -4}
      - {x: 41, y: -4}
      - {x: 41, y: 0}
      - {x: 38.9375, y: 0}
      - {x: 38.9375, y: -4}
    - - {x: 25.9375, y: -7}
      - {x: 25.9375, y: -9}
      - {x: 32, y: -9}
      - {x: 32, y: -7}
      - {x: 30, y: -7}
      - {x: 30, y: 0}
      - {x: 27.9375, y: 0}
      - {x: 27.9375, y: -7}
    - - {x: 13.9375, y: -4}
      - {x: 13.9375, y: -6}
      - {x: 22, y: -6}
      - {x: 22, y: -4}
      - {x: 19, y: -4}
      - {x: 19, y: 0}
      - {x: 16.9375, y: 0}
      - {x: 16.9375, y: -4}
    - - {x: 58, y: -7}
      - {x: 58, y: -3}
      - {x: 51.9375, y: -3}
      - {x: 51.9375, y: -7}
    - - {x: 6, y: -7}
      - {x: 6, y: -3}
      - {x: 0, y: -3}
      - {x: 0, y: -7}
    - - {x: 42.9375, y: -11}
      - {x: 42.9375, y: -14}
      - {x: 53, y: -14}
      - {x: 53, y: -11}
      - {x: 49, y: -11}
      - {x: 49, y: -7}
      - {x: 46.9375, y: -7}
      - {x: 46.9375, y: -11}
    - - {x: 4.9375, y: -11}
      - {x: 4.9375, y: -14}
      - {x: 15, y: -14}
      - {x: 15, y: -11}
      - {x: 11, y: -11}
      - {x: 11, y: -7}
      - {x: 8.9375, y: -7}
      - {x: 8.9375, y: -11}
    - - {x: 38.9375, y: -13}
      - {x: 41, y: -13}
      - {x: 41, y: -12}
      - {x: 38.9375, y: -12}
    - - {x: 16.9375, y: -13}
      - {x: 19, y: -13}
      - {x: 19, y: -12}
      - {x: 16.9375, y: -12}
    - - {x: 55.9375, y: -14}
      - {x: 58, y: -14}
      - {x: 58, y: -13}
      - {x: 55.9375, y: -13}
    - - {x: 33.9375, y: -14}
      - {x: 36, y: -14}
      - {x: 36, y: -13}
      - {x: 33.9375, y: -13}
    - - {x: 21.9375, y: -14}
      - {x: 24, y: -14}
      - {x: 24, y: -13}
      - {x: 21.9375, y: -13}
    - - {x: 0, y: -14}
      - {x: 2, y: -14}
      - {x: 2, y: -13}
      - {x: 0, y: -13}
    - - {x: 39, y: -22}
      - {x: 39, y: -16}
      - {x: 36.9375, y: -16}
      - {x: 36.9375, y: -22}
    - - {x: 27.9375, y: -22}
      - {x: 30, y: -22}
      - {x: 30, y: -18}
      - {x: 32, y: -18}
      - {x: 32, y: -16}
      - {x: 25.9375, y: -16}
      - {x: 25.9375, y: -18}
      - {x: 27.9375, y: -18}
    - - {x: 21, y: -22}
      - {x: 21, y: -16}
      - {x: 18.9375, y: -16}
      - {x: 18.9375, y: -22}
    - - {x: 51.9375, y: -23}
      - {x: 58, y: -23}
      - {x: 58, y: -17}
      - {x: 51.9375, y: -17}
      - {x: 51.9375, y: -18}
      - {x: 49.9375, y: -18}
      - {x: 49.9375, y: -19}
      - {x: 51.9375, y: -19}
    - - {x: 6, y: -23}
      - {x: 6, y: -19}
      - {x: 8, y: -19}
      - {x: 8, y: -18}
      - {x: 6, y: -18}
      - {x: 6, y: -17}
      - {x: 0, y: -17}
      - {x: 0, y: -23}
    - - {x: 46, y: -18}
      - {x: 41.9375, y: -18}
      - {x: 41.9375, y: -20}
      - {x: 46, y: -20}
    - - {x: 16, y: -18}
      - {x: 11.9375, y: -18}
      - {x: 11.9375, y: -20}
      - {x: 16, y: -20}
    - - {x: 45.9375, y: -22}
      - {x: 48, y: -22}
      - {x: 48, y: -21}
      - {x: 45.9375, y: -21}
    - - {x: 9.9375, y: -22}
      - {x: 12, y: -22}
      - {x: 12, y: -21}
      - {x: 9.9375, y: -21}
    - - {x: 48.9375, y: -25}
      - {x: 51, y: -25}
      - {x: 51, y: -24}
      - {x: 48.9375, y: -24}
    - - {x: 6.9375, y: -25}
      - {x: 9, y: -25}
      - {x: 9, y: -24}
      - {x: 6.9375, y: -24}
    - - {x: 20.9375, y: -29}
      - {x: 37, y: -29}
      - {x: 37, y: -27}
      - {x: 36, y: -27}
      - {x: 36, y: -26}
      - {x: 38, y: -26}
      - {x: 38, y: -25}
      - {x: 19.9375, y: -25}
      - {x: 19.9375, y: -26}
      - {x: 21.9375, y: -26}
      - {x: 21.9375, y: -27}
      - {x: 20.9375, y: -27}
    - - {x: 47, y: -27}
      - {x: 44.9375, y: -27}
      - {x: 44.9375, y: -29}
      - {x: 47, y: -29}
    - - {x: 13, y: -27}
      - {x: 10.9375, y: -27}
      - {x: 10.9375, y: -29}
      - {x: 13, y: -29}
    - - {x: 43, y: -28}
      - {x: 38.9375, y: -28}
      - {x: 38.9375, y: -30}
      - {x: 43, y: -30}
    - - {x: 19, y: -28}
      - {x: 14.9375, y: -28}
      - {x: 14.9375, y: -30}
      - {x: 19, y: -30}
    - - {x: 58, y: -30}
      - {x: 51.9375, y: -30}
      - {x: 51.9375, y: -32}
      - {x: 58, y: -32}
    - - {x: 50, y: -30}
      - {x: 47.9375, y: -30}
      - {x: 47.9375, y: -32}
      - {x: 50, y: -32}
    - - {x: 10, y: -30}
      - {x: 7.9375, y: -30}
      - {x: 7.9375, y: -32}
      - {x: 10, y: -32}
    - - {x: 6, y: -30}
      - {x: 0, y: -30}
      - {x: 0, y: -32}
      - {x: 6, y: -32}
--- !u!114 &114209315504790106
MonoBehaviour:
  m_ObjectHideFlags: 1
  m_PrefabParentObject: {fileID: 0}
  m_PrefabInternal: {fileID: 100100000}
  m_GameObject: {fileID: 1274527073569744}
  m_Enabled: 1
  m_EditorHideFlags: 0
  m_Script: {fileID: 11500000, guid: 1874989c5e2da094ea00112c6a895694, type: 3}
  m_Name: 
  m_EditorClassIdentifier: 
--- !u!114 &114284823035138096
MonoBehaviour:
  m_ObjectHideFlags: 1
  m_PrefabParentObject: {fileID: 0}
  m_PrefabInternal: {fileID: 100100000}
  m_GameObject: {fileID: 1935905650468230}
  m_Enabled: 1
  m_EditorHideFlags: 0
  m_Script: {fileID: 11500000, guid: c0619e460a775cc458d37cb4a214a189, type: 3}
  m_Name: 
  m_EditorClassIdentifier: 
  Orientation: 0
  StaggerAxis: 1
  StaggerIndex: 0
  HexSideLength: 0
  NumLayers: 2
  NumTilesWide: 58
  NumTilesHigh: 32
  TileWidth: 16
  TileHeight: 16
  ExportScale: 0.0625
  MapWidthInPixels: 928
  MapHeightInPixels: 512
  BackgroundColor: {r: 0.5019608, g: 0.5019608, b: 0.5019608, a: 1}
--- !u!114 &114333850552513214
MonoBehaviour:
  m_ObjectHideFlags: 1
  m_PrefabParentObject: {fileID: 0}
  m_PrefabInternal: {fileID: 100100000}
  m_GameObject: {fileID: 1988917839824836}
  m_Enabled: 1
  m_EditorHideFlags: 0
  m_Script: {fileID: 11500000, guid: 36f478cbe2fdbeb43a1a2ec45e99ca69, type: 3}
  m_Name: 
  m_EditorClassIdentifier: 
  Offset: {x: 0, y: 0}
--- !u!114 &114408819635930098
MonoBehaviour:
  m_ObjectHideFlags: 1
  m_PrefabParentObject: {fileID: 0}
  m_PrefabInternal: {fileID: 100100000}
  m_GameObject: {fileID: 1775367482927284}
  m_Enabled: 1
  m_EditorHideFlags: 0
  m_Script: {fileID: 11500000, guid: 1874989c5e2da094ea00112c6a895694, type: 3}
  m_Name: 
  m_EditorClassIdentifier: 
--- !u!114 &114836293824316384
MonoBehaviour:
  m_ObjectHideFlags: 1
  m_PrefabParentObject: {fileID: 0}
  m_PrefabInternal: {fileID: 100100000}
  m_GameObject: {fileID: 1692966422286708}
  m_Enabled: 1
  m_EditorHideFlags: 0
  m_Script: {fileID: 11500000, guid: 36f478cbe2fdbeb43a1a2ec45e99ca69, type: 3}
  m_Name: 
  m_EditorClassIdentifier: 
  Offset: {x: 0, y: 0}
--- !u!212 &212105871680132780
SpriteRenderer:
  m_ObjectHideFlags: 1
  m_PrefabParentObject: {fileID: 0}
  m_PrefabInternal: {fileID: 100100000}
  m_GameObject: {fileID: 1476341816170978}
  m_Enabled: 1
  m_CastShadows: 0
  m_ReceiveShadows: 0
  m_DynamicOccludee: 1
  m_MotionVectors: 1
  m_LightProbeUsage: 1
  m_ReflectionProbeUsage: 1
  m_Materials:
  - {fileID: 10754, guid: 0000000000000000f000000000000000, type: 0}
  m_StaticBatchInfo:
    firstSubMesh: 0
    subMeshCount: 0
  m_StaticBatchRoot: {fileID: 0}
  m_ProbeAnchor: {fileID: 0}
  m_LightProbeVolumeOverride: {fileID: 0}
  m_ScaleInLightmap: 1
  m_PreserveUVs: 0
  m_IgnoreNormalsForChartDetection: 0
  m_ImportantGI: 0
  m_StitchLightmapSeams: 0
  m_SelectedEditorRenderState: 0
  m_MinimumChartSize: 4
  m_AutoUVMaxDistance: 0.5
  m_AutoUVMaxAngle: 89
  m_LightmapParameters: {fileID: 0}
  m_SortingLayerID: 0
  m_SortingLayer: 0
  m_SortingOrder: 1
  m_Sprite: {fileID: 21300000, guid: a33464efc0eb6a7449b6977aab7d1dc9, type: 3}
  m_Color: {r: 1, g: 1, b: 1, a: 1}
  m_FlipX: 0
  m_FlipY: 0
  m_DrawMode: 0
  m_Size: {x: 10.23, y: 6.18}
  m_AdaptiveModeThreshold: 0.5
  m_SpriteTileMode: 0
  m_WasSpriteAssigned: 1
  m_MaskInteraction: 0
