%YAML 1.1
%TAG !u! tag:unity3d.com,2011:
--- !u!29 &1
OcclusionCullingSettings:
  m_ObjectHideFlags: 0
  serializedVersion: 2
  m_OcclusionBakeSettings:
    smallestOccluder: 5
    smallestHole: 0.25
    backfaceThreshold: 100
  m_SceneGUID: 00000000000000000000000000000000
  m_OcclusionCullingData: {fileID: 0}
--- !u!104 &2
RenderSettings:
  m_ObjectHideFlags: 0
  serializedVersion: 8
  m_Fog: 0
  m_FogColor: {r: 0.5, g: 0.5, b: 0.5, a: 1}
  m_FogMode: 3
  m_FogDensity: 0.01
  m_LinearFogStart: 0
  m_LinearFogEnd: 300
  m_AmbientSkyColor: {r: 0.212, g: 0.227, b: 0.259, a: 1}
  m_AmbientEquatorColor: {r: 0.114, g: 0.125, b: 0.133, a: 1}
  m_AmbientGroundColor: {r: 0.047, g: 0.043, b: 0.035, a: 1}
  m_AmbientIntensity: 1
  m_AmbientMode: 3
  m_SubtractiveShadowColor: {r: 0.42, g: 0.478, b: 0.627, a: 1}
  m_SkyboxMaterial: {fileID: 0}
  m_HaloStrength: 0.5
  m_FlareStrength: 1
  m_FlareFadeSpeed: 3
  m_HaloTexture: {fileID: 0}
  m_SpotCookie: {fileID: 10001, guid: 0000000000000000e000000000000000, type: 0}
  m_DefaultReflectionMode: 0
  m_DefaultReflectionResolution: 128
  m_ReflectionBounces: 1
  m_ReflectionIntensity: 1
  m_CustomReflection: {fileID: 0}
  m_Sun: {fileID: 0}
  m_IndirectSpecularColor: {r: 0, g: 0, b: 0, a: 1}
--- !u!157 &3
LightmapSettings:
  m_ObjectHideFlags: 0
  serializedVersion: 11
  m_GIWorkflowMode: 1
  m_GISettings:
    serializedVersion: 2
    m_BounceScale: 1
    m_IndirectOutputScale: 1
    m_AlbedoBoost: 1
    m_TemporalCoherenceThreshold: 1
    m_EnvironmentLightingMode: 0
    m_EnableBakedLightmaps: 0
    m_EnableRealtimeLightmaps: 0
  m_LightmapEditorSettings:
    serializedVersion: 9
    m_Resolution: 2
    m_BakeResolution: 40
    m_TextureWidth: 1024
    m_TextureHeight: 1024
    m_AO: 0
    m_AOMaxDistance: 1
    m_CompAOExponent: 1
    m_CompAOExponentDirect: 0
    m_Padding: 2
    m_LightmapParameters: {fileID: 0}
    m_LightmapsBakeMode: 1
    m_TextureCompression: 1
    m_FinalGather: 0
    m_FinalGatherFiltering: 1
    m_FinalGatherRayCount: 256
    m_ReflectionCompression: 2
    m_MixedBakeMode: 2
    m_BakeBackend: 0
    m_PVRSampling: 1
    m_PVRDirectSampleCount: 32
    m_PVRSampleCount: 500
    m_PVRBounces: 2
    m_PVRFilterTypeDirect: 0
    m_PVRFilterTypeIndirect: 0
    m_PVRFilterTypeAO: 0
    m_PVRFilteringMode: 1
    m_PVRCulling: 1
    m_PVRFilteringGaussRadiusDirect: 1
    m_PVRFilteringGaussRadiusIndirect: 5
    m_PVRFilteringGaussRadiusAO: 2
    m_PVRFilteringAtrousPositionSigmaDirect: 0.5
    m_PVRFilteringAtrousPositionSigmaIndirect: 2
    m_PVRFilteringAtrousPositionSigmaAO: 1
    m_ShowResolutionOverlay: 1
  m_LightingDataAsset: {fileID: 0}
  m_UseShadowmask: 1
--- !u!196 &4
NavMeshSettings:
  serializedVersion: 2
  m_ObjectHideFlags: 0
  m_BuildSettings:
    serializedVersion: 2
    agentTypeID: 0
    agentRadius: 0.5
    agentHeight: 2
    agentSlope: 45
    agentClimb: 0.4
    ledgeDropHeight: 0
    maxJumpAcrossDistance: 0
    minRegionArea: 2
    manualCellSize: 0
    cellSize: 0.16666667
    manualTileSize: 0
    tileSize: 256
    accuratePlacement: 0
    debug:
      m_Flags: 0
  m_NavMeshData: {fileID: 0}
--- !u!114 &186669096 stripped
MonoBehaviour:
  m_PrefabParentObject: {fileID: 114715510714714386, guid: 61174645205f6f748bb9dcd330e21eee,
    type: 2}
  m_PrefabInternal: {fileID: 1870346130}
  m_Script: {fileID: 2109663825, guid: f5f67c52d1564df4a8936ccd202a3bd8, type: 3}
--- !u!1001 &725408968
Prefab:
  m_ObjectHideFlags: 0
  serializedVersion: 2
  m_Modification:
    m_TransformParent: {fileID: 0}
    m_Modifications:
    - target: {fileID: 4893232556807830, guid: dcb84f068eaf8e642a5980e7384b7afa, type: 2}
      propertyPath: m_LocalPosition.x
      value: -3.6662385
      objectReference: {fileID: 0}
    - target: {fileID: 4893232556807830, guid: dcb84f068eaf8e642a5980e7384b7afa, type: 2}
      propertyPath: m_LocalPosition.y
      value: 2.222854
      objectReference: {fileID: 0}
    - target: {fileID: 4893232556807830, guid: dcb84f068eaf8e642a5980e7384b7afa, type: 2}
      propertyPath: m_LocalPosition.z
      value: 0.095703125
      objectReference: {fileID: 0}
    - target: {fileID: 4893232556807830, guid: dcb84f068eaf8e642a5980e7384b7afa, type: 2}
      propertyPath: m_LocalRotation.x
      value: -0
      objectReference: {fileID: 0}
    - target: {fileID: 4893232556807830, guid: dcb84f068eaf8e642a5980e7384b7afa, type: 2}
      propertyPath: m_LocalRotation.y
      value: -0
      objectReference: {fileID: 0}
    - target: {fileID: 4893232556807830, guid: dcb84f068eaf8e642a5980e7384b7afa, type: 2}
      propertyPath: m_LocalRotation.z
      value: -0
      objectReference: {fileID: 0}
    - target: {fileID: 4893232556807830, guid: dcb84f068eaf8e642a5980e7384b7afa, type: 2}
      propertyPath: m_LocalRotation.w
      value: 1
      objectReference: {fileID: 0}
    - target: {fileID: 4893232556807830, guid: dcb84f068eaf8e642a5980e7384b7afa, type: 2}
      propertyPath: m_RootOrder
      value: 6
      objectReference: {fileID: 0}
    - target: {fileID: 114595290990416312, guid: dcb84f068eaf8e642a5980e7384b7afa,
        type: 2}
      propertyPath: scrollbar
      value: 
      objectReference: {fileID: 933068448}
    m_RemovedComponents: []
  m_ParentPrefab: {fileID: 100100000, guid: dcb84f068eaf8e642a5980e7384b7afa, type: 2}
  m_IsPrefabParent: 0
--- !u!114 &774871212 stripped
MonoBehaviour:
  m_PrefabParentObject: {fileID: 114595290990416312, guid: dcb84f068eaf8e642a5980e7384b7afa,
    type: 2}
  m_PrefabInternal: {fileID: 725408968}
  m_Script: {fileID: 11500000, guid: 9428b37b094cbe8458e05095ca862560, type: 3}
--- !u!1001 &780776035
Prefab:
  m_ObjectHideFlags: 0
  serializedVersion: 2
  m_Modification:
    m_TransformParent: {fileID: 0}
    m_Modifications:
    - target: {fileID: 4798450562463204, guid: 218391d102d36f84998348f1d5cbad51, type: 2}
      propertyPath: m_LocalPosition.x
      value: 0
      objectReference: {fileID: 0}
    - target: {fileID: 4798450562463204, guid: 218391d102d36f84998348f1d5cbad51, type: 2}
      propertyPath: m_LocalPosition.y
      value: 0
      objectReference: {fileID: 0}
    - target: {fileID: 4798450562463204, guid: 218391d102d36f84998348f1d5cbad51, type: 2}
      propertyPath: m_LocalPosition.z
      value: -10
      objectReference: {fileID: 0}
    - target: {fileID: 4798450562463204, guid: 218391d102d36f84998348f1d5cbad51, type: 2}
      propertyPath: m_LocalRotation.x
      value: 0
      objectReference: {fileID: 0}
    - target: {fileID: 4798450562463204, guid: 218391d102d36f84998348f1d5cbad51, type: 2}
      propertyPath: m_LocalRotation.y
      value: 0
      objectReference: {fileID: 0}
    - target: {fileID: 4798450562463204, guid: 218391d102d36f84998348f1d5cbad51, type: 2}
      propertyPath: m_LocalRotation.z
      value: 0
      objectReference: {fileID: 0}
    - target: {fileID: 4798450562463204, guid: 218391d102d36f84998348f1d5cbad51, type: 2}
      propertyPath: m_LocalRotation.w
      value: 1
      objectReference: {fileID: 0}
    - target: {fileID: 4798450562463204, guid: 218391d102d36f84998348f1d5cbad51, type: 2}
      propertyPath: m_RootOrder
      value: 0
      objectReference: {fileID: 0}
    m_RemovedComponents: []
  m_ParentPrefab: {fileID: 100100000, guid: 218391d102d36f84998348f1d5cbad51, type: 2}
  m_IsPrefabParent: 0
--- !u!114 &845726171 stripped
MonoBehaviour:
  m_PrefabParentObject: {fileID: 114841940643456708, guid: 8d20e38c5e5efce43aff06b9e39d844f,
    type: 2}
  m_PrefabInternal: {fileID: 1861362101}
  m_Script: {fileID: 11500000, guid: 80bd579ab28a8f348bc51b5fbea27bd0, type: 3}
--- !u!114 &933068448 stripped
MonoBehaviour:
  m_PrefabParentObject: {fileID: 114457797044139620, guid: 61174645205f6f748bb9dcd330e21eee,
    type: 2}
  m_PrefabInternal: {fileID: 1870346130}
  m_Script: {fileID: -2061169968, guid: f5f67c52d1564df4a8936ccd202a3bd8, type: 3}
--- !u!20 &1253422562 stripped
Camera:
  m_PrefabParentObject: {fileID: 20435792002055230, guid: 218391d102d36f84998348f1d5cbad51,
    type: 2}
  m_PrefabInternal: {fileID: 780776035}
--- !u!1 &1289653137
GameObject:
  m_ObjectHideFlags: 0
  m_PrefabParentObject: {fileID: 0}
  m_PrefabInternal: {fileID: 0}
  serializedVersion: 5
  m_Component:
  - component: {fileID: 1289653138}
  - component: {fileID: 1289653139}
  m_Layer: 0
  m_Name: MenuRuinsFinal
  m_TagString: Untagged
  m_Icon: {fileID: 0}
  m_NavMeshLayer: 0
  m_StaticEditorFlags: 0
  m_IsActive: 1
--- !u!4 &1289653138
Transform:
  m_ObjectHideFlags: 0
  m_PrefabParentObject: {fileID: 0}
  m_PrefabInternal: {fileID: 0}
  m_GameObject: {fileID: 1289653137}
  m_LocalRotation: {x: -0, y: -0, z: -0, w: 1}
  m_LocalPosition: {x: 0.20577957, y: 0.028862957, z: 93.45347}
  m_LocalScale: {x: 1.4211793, y: 1.1369433, z: 1}
  m_Children: []
  m_Father: {fileID: 0}
  m_RootOrder: 1
  m_LocalEulerAnglesHint: {x: 0, y: 0, z: 0}
--- !u!212 &1289653139
SpriteRenderer:
  m_ObjectHideFlags: 0
  m_PrefabParentObject: {fileID: 0}
  m_PrefabInternal: {fileID: 0}
  m_GameObject: {fileID: 1289653137}
  m_Enabled: 1
  m_CastShadows: 0
  m_ReceiveShadows: 0
  m_DynamicOccludee: 1
  m_MotionVectors: 1
  m_LightProbeUsage: 1
  m_ReflectionProbeUsage: 1
  m_Materials:
  - {fileID: 10754, guid: 0000000000000000f000000000000000, type: 0}
  m_StaticBatchInfo:
    firstSubMesh: 0
    subMeshCount: 0
  m_StaticBatchRoot: {fileID: 0}
  m_ProbeAnchor: {fileID: 0}
  m_LightProbeVolumeOverride: {fileID: 0}
  m_ScaleInLightmap: 1
  m_PreserveUVs: 0
  m_IgnoreNormalsForChartDetection: 0
  m_ImportantGI: 0
  m_StitchLightmapSeams: 0
  m_SelectedEditorRenderState: 0
  m_MinimumChartSize: 4
  m_AutoUVMaxDistance: 0.5
  m_AutoUVMaxAngle: 89
  m_LightmapParameters: {fileID: 0}
  m_SortingLayerID: 0
  m_SortingLayer: 0
  m_SortingOrder: 0
  m_Sprite: {fileID: 21300000, guid: 89d2180db7c94bb4ab25a9754543ab89, type: 3}
  m_Color: {r: 1, g: 1, b: 1, a: 1}
  m_FlipX: 0
  m_FlipY: 0
  m_DrawMode: 0
  m_Size: {x: 20.48, y: 13.76}
  m_AdaptiveModeThreshold: 0.5
  m_SpriteTileMode: 0
  m_WasSpriteAssigned: 1
  m_MaskInteraction: 0
--- !u!1001 &1414534833
Prefab:
  m_ObjectHideFlags: 0
  serializedVersion: 2
  m_Modification:
    m_TransformParent: {fileID: 0}
    m_Modifications:
    - target: {fileID: 4612161326300686, guid: ba1d67577b3bad24a97a999306163470, type: 2}
      propertyPath: m_LocalPosition.x
      value: 0
      objectReference: {fileID: 0}
    - target: {fileID: 4612161326300686, guid: ba1d67577b3bad24a97a999306163470, type: 2}
      propertyPath: m_LocalPosition.y
      value: 0
      objectReference: {fileID: 0}
    - target: {fileID: 4612161326300686, guid: ba1d67577b3bad24a97a999306163470, type: 2}
      propertyPath: m_LocalPosition.z
      value: 0
      objectReference: {fileID: 0}
    - target: {fileID: 4612161326300686, guid: ba1d67577b3bad24a97a999306163470, type: 2}
      propertyPath: m_LocalRotation.x
      value: 0
      objectReference: {fileID: 0}
    - target: {fileID: 4612161326300686, guid: ba1d67577b3bad24a97a999306163470, type: 2}
      propertyPath: m_LocalRotation.y
      value: 0
      objectReference: {fileID: 0}
    - target: {fileID: 4612161326300686, guid: ba1d67577b3bad24a97a999306163470, type: 2}
      propertyPath: m_LocalRotation.z
      value: 0
      objectReference: {fileID: 0}
    - target: {fileID: 4612161326300686, guid: ba1d67577b3bad24a97a999306163470, type: 2}
      propertyPath: m_LocalRotation.w
      value: 1
      objectReference: {fileID: 0}
    - target: {fileID: 4612161326300686, guid: ba1d67577b3bad24a97a999306163470, type: 2}
      propertyPath: m_RootOrder
      value: 3
      objectReference: {fileID: 0}
    - target: {fileID: 114888589043928192, guid: ba1d67577b3bad24a97a999306163470,
        type: 2}
      propertyPath: menuManager
      value: 
      objectReference: {fileID: 1683066575}
    - target: {fileID: 114888589043928192, guid: ba1d67577b3bad24a97a999306163470,
        type: 2}
      propertyPath: musicManager
      value: 
      objectReference: {fileID: 774871212}
    - target: {fileID: 114888589043928192, guid: ba1d67577b3bad24a97a999306163470,
        type: 2}
      propertyPath: scrollBar
      value: 
      objectReference: {fileID: 933068448}
    - target: {fileID: 114888589043928192, guid: ba1d67577b3bad24a97a999306163470,
        type: 2}
      propertyPath: toggle
      value: 
      objectReference: {fileID: 186669096}
    m_RemovedComponents: []
  m_ParentPrefab: {fileID: 100100000, guid: ba1d67577b3bad24a97a999306163470, type: 2}
  m_IsPrefabParent: 0
--- !u!114 &1683066575 stripped
MonoBehaviour:
  m_PrefabParentObject: {fileID: 114829799808888096, guid: 61174645205f6f748bb9dcd330e21eee,
    type: 2}
  m_PrefabInternal: {fileID: 1870346130}
  m_Script: {fileID: 11500000, guid: e64a5cb79da33e748a3982c3c98e9a83, type: 3}
--- !u!1001 &1861362101
Prefab:
  m_ObjectHideFlags: 0
  serializedVersion: 2
  m_Modification:
    m_TransformParent: {fileID: 0}
    m_Modifications:
    - target: {fileID: 4580646620824010, guid: 8d20e38c5e5efce43aff06b9e39d844f, type: 2}
      propertyPath: m_LocalPosition.x
      value: -3.6662385
      objectReference: {fileID: 0}
    - target: {fileID: 4580646620824010, guid: 8d20e38c5e5efce43aff06b9e39d844f, type: 2}
      propertyPath: m_LocalPosition.y
      value: 2.222854
      objectReference: {fileID: 0}
    - target: {fileID: 4580646620824010, guid: 8d20e38c5e5efce43aff06b9e39d844f, type: 2}
      propertyPath: m_LocalPosition.z
      value: 0.095703125
      objectReference: {fileID: 0}
    - target: {fileID: 4580646620824010, guid: 8d20e38c5e5efce43aff06b9e39d844f, type: 2}
      propertyPath: m_LocalRotation.x
      value: 0
      objectReference: {fileID: 0}
    - target: {fileID: 4580646620824010, guid: 8d20e38c5e5efce43aff06b9e39d844f, type: 2}
      propertyPath: m_LocalRotation.y
      value: 0
      objectReference: {fileID: 0}
    - target: {fileID: 4580646620824010, guid: 8d20e38c5e5efce43aff06b9e39d844f, type: 2}
      propertyPath: m_LocalRotation.z
      value: 0
      objectReference: {fileID: 0}
    - target: {fileID: 4580646620824010, guid: 8d20e38c5e5efce43aff06b9e39d844f, type: 2}
      propertyPath: m_LocalRotation.w
      value: 1
      objectReference: {fileID: 0}
    - target: {fileID: 4580646620824010, guid: 8d20e38c5e5efce43aff06b9e39d844f, type: 2}
      propertyPath: m_RootOrder
      value: 5
      objectReference: {fileID: 0}
    - target: {fileID: 114841940643456708, guid: 8d20e38c5e5efce43aff06b9e39d844f,
        type: 2}
      propertyPath: scrollbar
      value: 
      objectReference: {fileID: 1981402025}
    m_RemovedComponents: []
  m_ParentPrefab: {fileID: 100100000, guid: 8d20e38c5e5efce43aff06b9e39d844f, type: 2}
  m_IsPrefabParent: 0
--- !u!1001 &1870346130
Prefab:
  m_ObjectHideFlags: 0
  serializedVersion: 2
  m_Modification:
    m_TransformParent: {fileID: 0}
    m_Modifications:
    - target: {fileID: 4128445465672152, guid: 61174645205f6f748bb9dcd330e21eee, type: 2}
      propertyPath: m_LocalPosition.x
      value: 2.5001173
      objectReference: {fileID: 0}
    - target: {fileID: 4128445465672152, guid: 61174645205f6f748bb9dcd330e21eee, type: 2}
      propertyPath: m_LocalPosition.y
      value: 5.836584
      objectReference: {fileID: 0}
    - target: {fileID: 4128445465672152, guid: 61174645205f6f748bb9dcd330e21eee, type: 2}
      propertyPath: m_LocalPosition.z
      value: 23.810669
      objectReference: {fileID: 0}
    - target: {fileID: 4128445465672152, guid: 61174645205f6f748bb9dcd330e21eee, type: 2}
      propertyPath: m_LocalRotation.x
      value: 0
      objectReference: {fileID: 0}
    - target: {fileID: 4128445465672152, guid: 61174645205f6f748bb9dcd330e21eee, type: 2}
      propertyPath: m_LocalRotation.y
      value: 0
      objectReference: {fileID: 0}
    - target: {fileID: 4128445465672152, guid: 61174645205f6f748bb9dcd330e21eee, type: 2}
      propertyPath: m_LocalRotation.z
      value: 0
      objectReference: {fileID: 0}
    - target: {fileID: 4128445465672152, guid: 61174645205f6f748bb9dcd330e21eee, type: 2}
      propertyPath: m_LocalRotation.w
      value: 1
      objectReference: {fileID: 0}
    - target: {fileID: 4128445465672152, guid: 61174645205f6f748bb9dcd330e21eee, type: 2}
      propertyPath: m_RootOrder
      value: 4
      objectReference: {fileID: 0}
    - target: {fileID: 114208590679135338, guid: 61174645205f6f748bb9dcd330e21eee,
        type: 2}
      propertyPath: gameEngine
      value: 
      objectReference: {fileID: 1887769183}
    - target: {fileID: 223720809630056514, guid: 61174645205f6f748bb9dcd330e21eee,
        type: 2}
      propertyPath: m_Camera
      value: 
      objectReference: {fileID: 1253422562}
    - target: {fileID: 114715510714714386, guid: 61174645205f6f748bb9dcd330e21eee,
        type: 2}
      propertyPath: onValueChanged.m_PersistentCalls.m_Calls.Array.data[0].m_Target
      value: 
      objectReference: {fileID: 1887769183}
    - target: {fileID: 223220595153775274, guid: 61174645205f6f748bb9dcd330e21eee,
        type: 2}
      propertyPath: m_Camera
      value: 
      objectReference: {fileID: 1253422562}
    - target: {fileID: 223625719222844136, guid: 61174645205f6f748bb9dcd330e21eee,
        type: 2}
      propertyPath: m_Camera
      value: 
      objectReference: {fileID: 1253422562}
    - target: {fileID: 223969284901813476, guid: 61174645205f6f748bb9dcd330e21eee,
        type: 2}
      propertyPath: m_Camera
      value: 
      objectReference: {fileID: 1253422562}
    - target: {fileID: 223984245930948706, guid: 61174645205f6f748bb9dcd330e21eee,
        type: 2}
      propertyPath: m_Camera
      value: 
      objectReference: {fileID: 1253422562}
    - target: {fileID: 114457797044139620, guid: 61174645205f6f748bb9dcd330e21eee,
        type: 2}
      propertyPath: m_OnValueChanged.m_PersistentCalls.m_Calls.Array.data[0].m_Target
      value: 
      objectReference: {fileID: 774871212}
    - target: {fileID: 223483262244246528, guid: 61174645205f6f748bb9dcd330e21eee,
        type: 2}
      propertyPath: m_Camera
      value: 
      objectReference: {fileID: 1253422562}
    - target: {fileID: 223094188310003982, guid: 61174645205f6f748bb9dcd330e21eee,
        type: 2}
      propertyPath: m_Camera
      value: 
      objectReference: {fileID: 1253422562}
    - target: {fileID: 223888100314124366, guid: 61174645205f6f748bb9dcd330e21eee,
        type: 2}
      propertyPath: m_Camera
      value: 
      objectReference: {fileID: 1253422562}
    - target: {fileID: 114993454200763352, guid: 61174645205f6f748bb9dcd330e21eee,
        type: 2}
      propertyPath: m_OnValueChanged.m_PersistentCalls.m_Calls.Array.data[0].m_Target
      value: 
      objectReference: {fileID: 845726171}
    - target: {fileID: 224485946919202872, guid: 61174645205f6f748bb9dcd330e21eee,
        type: 2}
      propertyPath: m_AnchorMax.x
      value: 0.2
      objectReference: {fileID: 0}
    - target: {fileID: 224485946919202872, guid: 61174645205f6f748bb9dcd330e21eee,
        type: 2}
      propertyPath: m_AnchorMax.y
      value: 1
      objectReference: {fileID: 0}
    - target: {fileID: 224087162676509324, guid: 61174645205f6f748bb9dcd330e21eee,
        type: 2}
      propertyPath: m_AnchorMax.x
      value: 0.15
      objectReference: {fileID: 0}
    - target: {fileID: 224087162676509324, guid: 61174645205f6f748bb9dcd330e21eee,
        type: 2}
      propertyPath: m_AnchorMax.y
      value: 1
      objectReference: {fileID: 0}
    m_RemovedComponents: []
  m_ParentPrefab: {fileID: 100100000, guid: 61174645205f6f748bb9dcd330e21eee, type: 2}
  m_IsPrefabParent: 0
--- !u!114 &1887769183 stripped
MonoBehaviour:
  m_PrefabParentObject: {fileID: 114888589043928192, guid: ba1d67577b3bad24a97a999306163470,
    type: 2}
  m_PrefabInternal: {fileID: 1414534833}
  m_Script: {fileID: 11500000, guid: cb7f006fe1203d34caea2f098b820c84, type: 3}
--- !u!1 &1973444766
GameObject:
  m_ObjectHideFlags: 0
  m_PrefabParentObject: {fileID: 0}
  m_PrefabInternal: {fileID: 0}
  serializedVersion: 5
  m_Component:
  - component: {fileID: 1973444768}
  - component: {fileID: 1973444767}
  m_Layer: 0
  m_Name: Logo
  m_TagString: Untagged
  m_Icon: {fileID: 0}
  m_NavMeshLayer: 0
  m_StaticEditorFlags: 0
  m_IsActive: 1
--- !u!212 &1973444767
SpriteRenderer:
  m_ObjectHideFlags: 0
  m_PrefabParentObject: {fileID: 0}
  m_PrefabInternal: {fileID: 0}
  m_GameObject: {fileID: 1973444766}
  m_Enabled: 1
  m_CastShadows: 0
  m_ReceiveShadows: 0
  m_DynamicOccludee: 1
  m_MotionVectors: 1
  m_LightProbeUsage: 1
  m_ReflectionProbeUsage: 1
  m_Materials:
  - {fileID: 10754, guid: 0000000000000000f000000000000000, type: 0}
  m_StaticBatchInfo:
    firstSubMesh: 0
    subMeshCount: 0
  m_StaticBatchRoot: {fileID: 0}
  m_ProbeAnchor: {fileID: 0}
  m_LightProbeVolumeOverride: {fileID: 0}
  m_ScaleInLightmap: 1
  m_PreserveUVs: 0
  m_IgnoreNormalsForChartDetection: 0
  m_ImportantGI: 0
  m_StitchLightmapSeams: 0
  m_SelectedEditorRenderState: 0
  m_MinimumChartSize: 4
  m_AutoUVMaxDistance: 0.5
  m_AutoUVMaxAngle: 89
  m_LightmapParameters: {fileID: 0}
  m_SortingLayerID: 0
  m_SortingLayer: 0
  m_SortingOrder: 0
  m_Sprite: {fileID: 21300000, guid: e7273900f37075b4da8867c5263091db, type: 3}
  m_Color: {r: 1, g: 1, b: 1, a: 1}
  m_FlipX: 0
  m_FlipY: 0
  m_DrawMode: 0
  m_Size: {x: 5.79, y: 5.7}
  m_AdaptiveModeThreshold: 0.5
  m_SpriteTileMode: 0
  m_WasSpriteAssigned: 1
  m_MaskInteraction: 0
--- !u!4 &1973444768
Transform:
  m_ObjectHideFlags: 0
  m_PrefabParentObject: {fileID: 0}
  m_PrefabInternal: {fileID: 0}
  m_GameObject: {fileID: 1973444766}
  m_LocalRotation: {x: 0, y: 0, z: 0, w: 1}
  m_LocalPosition: {x: -6.37, y: 4.64, z: 84.7}
  m_LocalScale: {x: 1.5, y: 1.5, z: 1}
  m_Children: []
  m_Father: {fileID: 0}
  m_RootOrder: 2
  m_LocalEulerAnglesHint: {x: 0, y: 0, z: 0}
--- !u!114 &1981402025 stripped
MonoBehaviour:
  m_PrefabParentObject: {fileID: 114993454200763352, guid: 61174645205f6f748bb9dcd330e21eee,
    type: 2}
  m_PrefabInternal: {fileID: 1870346130}
  m_Script: {fileID: -2061169968, guid: f5f67c52d1564df4a8936ccd202a3bd8, type: 3}
